@article {outsidein,
author       = "{Dimitrios Vytiniotis} and {Simon Peyton Jones} and {Tom Schrijvers} and {Martin Sulzmann}",
journal      = "Journal of Functional Programming",
month        = "September",
publisher    = "Cambridge University Press",
title        = "{OutsideIn(X)}: Modular type inference with local assumptions",
url          = "http://research.microsoft.com/apps/pubs/default.aspx?id=162516",
year         = "2011",
}

@inproceedings {Eisenberg2014,
author       = "{Richard A. Eisenberg} and {Jan Stolarek}",
title        = "Promoting Functions to Type Families in {Haskell}",
booktitle    = "Proceedings of the 2014 ACM SIGPLAN Symposium on {Haskell}",
year         = "2014",
address      = "Gothenburg, Sweden",
url          = "http://www.cis.upenn.edu/~eir/papers/2014/promotion/promotion.pdf"
}

@inproceedings {Eisenberg2012,
author      = "{Richard A. Eisenberg} and {Stephanie Weirich}",
title       = "Dependently typed programming with singletons",
booktitle   = "Proceedings of the 2012 ACM SIGPLAN Symposium on {Haskell}",
address     = "Copenhagen, Denmark",
year        = "2012"
}

@inproceedings{Lindley2013,
 author       = "{Sam Lindley} and {Conor McBride}",
 title        = "Hasochism: The Pleasure and Pain of Dependently Typed {Haskell} Programming",
 booktitle    = "Proceedings of the 2013 ACM SIGPLAN Symposium on {Haskell}",
 year         = "2013",
 address      = "Boston, Massachusetts, USA",
 url          = "https://personal.cis.strath.ac.uk/conor.mcbride/pub/hasochism.pdf"
}

@inproceedings{ivory-experience,
  author      = "{Patrick C. Hickey} and {Lee Pike} and {Trevor Elliott} and {James Bielman} and {John Launchbury}",
  title       = "Building Embedded Systems with Embedded {DSLs} (Experience Report)",
  booktitle   = "Proceedings of the 2014 ACM SIGPLAN Conference on Functional Programming",
  year        = "2014",
  address     = "Gothenburg, Sweden",
  url         = "https://github.com/GaloisInc/smaccmpilot-experiencereport/blob/master/embedded-experience.pdf?raw=true"
}

@techreport{smtlib2,
  author      = "{Clark Barrett} and {Aaron Stump} and {Cesare Tinelli}",
  title       = "The {SMT-LIB} Standard: Version 2.0",
  institution = "Department of Computer Science, The University of Iowa",
  year        = "2010",
  url         = "http://smtlib.cs.uiowa.edu/papers/smt-lib-reference-v2.0-r12.09.09.pdf"
}

@inproceedings{cvc4,
 author       = "{Clark Barrett} and {Christopher L. Conway} and
                {Morgan Deters} and {Liana Hadarean} and
                {Dejan Jovanovi\'{c}} and {Tim King} and
                {Andrew Reynolds} and {Cesare Tinelli}",
 title        = "{CVC4}",
 booktitle    = "Proceedings of the 23rd International Conference on Computer Aided Verification",
 year         = "2011",
 address      = "Snowbird, Utah, USA",
 url          = "http://dl.acm.org/citation.cfm?id=2032305.2032319",
}

@manual{yices,
  title       = "Yices Manual",
  year        = "2015",
  url         = "http://yices.csl.sri.com/papers/manual.pdf"
}

@inproceedings{z3,
  title       = "Z3: An efficient SMT solver",
  author      = "{Leonardo de Moura} and {Nikolaj Bj√∏rner}",
  booktitle   = "Tools and Algorithms for the Construction and Analysis of Systems, 14th International Conference",
  year        = "2008",
  address     = "Budapest, Hungary",
  url         = "http://research.microsoft.com/projects/z3/z3.pdf"
}

@unpublished{units-of-measure,
  title   = "A Typechecker Plugin for Units of Measure",
  author  = "{Adam Gundry}",
  year    = "2015",
  note    = "Submitted for publication."
}

@unpublished{typelits-normalise,
  title   = "A plug-in for normalising type literals in GHC",
  author  = "{Christiaan Baaij}",
  year    = "2015",
  url     = "https://github.com/clash-lang/ghc-typelits-natnormalise"
}

@unpublished{type-nats-solver,
  title   = "A plug-in for solving linear constraints using an SMT solver",
  author  = "{Iavor S. Diatchki}",
  year    = "2015",
  url     = "https://github.com/yav/type-nat-solver"
}

@inproceedings{liquid-haskell,
  title     = "Refinment Types For Haskell",
  author    = "{Niki Vazou} and {Eric L. Seidel} and {Ranjit Jhala} and {Dimitrios Vytiniotis} and {Simon Peyton-jones}",
  booktitle = "Proceedings of the 19th ACM SIGPLAN International Conference on Functional Programming",
  year      = "2014",
  address   = "Gothenburg, Sweeden",
  url       = "http://goto.ucsd.edu/~rjhala/papers/refinement_types_for_haskell.pdf"
}


@inproceedings{improvement,
  title     = "Simplifying and Improving Qualified Types",
  author    = "{Mark P. Jones}",
  booktitle = "FPCA '95: Conference on Functional Programming Languages and Computer Architecture",
  year      = "1995",
  address   = "La Jolla, California, USA",
  url       = "http://web.cecs.pdx.edu/~mpj/pubs/fpca95.pdf"
}

@inproceedings{fc-evidence,
  title     = "Evidence normalization in System FC",
  author    = "{Dimitrios Vytiniotis} and {Simon Peyton Jones}",
  booktitle = "24th International Conference on Rewriting Techniques and Applications",
  year    = "2013",
  address = "Eindhoven, Netherlands",
  url     = "http://research.microsoft.com/en-us/um/people/simonpj/papers/ext-f/fc-new-tyco.pdf"
}

@manual{simple-smt,
  title   = "simple-smt: a {Haskell} library for working with SMT solvers",
  author  = "{Iavor S. Diatchki}",
  year    = "2015",
  url     = "http://hackage.haskell.org/package/simple-smt"
}

@article{NelsonOppen,
 author   = "{Greg Nelson} and {Derek C. Oppen}",
 title    = "Simplification by Cooperating Decision Procedures",
 journal  = "ACM Transactions on Programming Languages and Systems",
 volume   = "1",
 number   = "2",
 month    = "October",
 year     = "1979",
 url      = "http://doi.acm.org/10.1145/357073.357079"
}

@inproceedings{cvc4-lin-arith,
 author = "{Sergey Berezin} and {Vijay Ganesh} and {Daivd L. Dill}",
 title  = "An Online Proof-producing Decision Procedure for Mixed-integer Linear Arithmetic",
 booktitle = "Proceedings of the 9th International Conference on Tools and Algorithms for the Construction and Analysis of Systems",
 year     = "2003",
 address  = "Warsaw, Poland",
 url      = "http://hci.stanford.edu/cstr/reports/2007-07.pdf"
}

@inproceedings{instance-chains,
  author  = "{J. Garrett Morris} and {Mark P. Jones}",
  title   = "Instance Chains: Type Class Programming Without Overlapping Instances",
  booktitle = "Proceedings of the 15th ACM SIGPLAN International Conference on Functional Programming (ICFP '10)",

  address = "Baltimore, Maryland, USA",
  year    = "2010",
  url     = "http://web.cecs.pdx.edu/~mpj/pubs/instancechains.pdf"
}

@manual{ghc-manual,
  title   = "The Glorious Glasgow Haskell Compilation System User's Guide, Version 7.10.1",
  author  = "{The GHC Team}",
  year    = "2015",
  url     = "https://downloads.haskell.org/~ghc/7.10.1/docs/html/users_guide/index.html"
}





